@article{cofact14,
    author = "Andrea Miele and Joppe W. Bos and Thorsten Kleinjung and Arjen K. Lenstra",
    title = "{C}ofactorization on {G}raphics {P}rocessing {U}nits",
    publisher = "CHES 2014",
    year = 2014
}

@article{montgom90,
    author = "P. L. Montgomery and R. D. Silverman",
    title = "{A}n \text{FFT} extension to the p-1 factoring algorithm",
    publisher = "Mathematics of Computation",
    year = 1990
}

@article{sabrewing,
    author = "Tom M. Bruintjes and Karel H. G. Walters and Sabih H. Gerez and Bert Molenkamp and Gerard J. M. Smit",
    title = "{S}abrewing: {A} {L}ightweight {A}rchitecture for {C}ombined {F}loating-{P}oint and {I}nteger {A}rithmetic",
    publisher = "TACO",
    year = 2012
}

@article{cudaprog,
    author = "Nvidia Corporation",
    title = "\text{CUDA C} {P}rogramming {G}uide: {D}esign {G}uide",
    publisher = "\text{PG-02829-001_v6.5",
    year = 2014
}
